@inproceedings{atserias2019circular,
  title={Circular (yet sound) proofs},
  author={Atserias, Albert and Lauria, Massimo},
  booktitle={International Conference on Theory and Applications of Satisfiability Testing},
  pages={1--18},
  year={2019},
  organization={Springer}
}

@inproceedings{bonet2020equivalence,
  title={Equivalence Between Systems Stronger Than Resolution},
  author={Bonet, Maria Luisa and Levy, Jordi},
  booktitle={International Conference on Theory and Applications of Satisfiability Testing},
  pages={166--181},
  year={2020},
  organization={Springer}
}